les biais algorithmiques:
https://www.ibm.com/fr-fr/think/topics/algorithmic-bias
https://www.ladn.eu/tech-a-suivre/biais-algorithmiques-limpossible-neutralite-de-l-ia/
https://www.data-bird.co/blog/biais-algorithimiques-ia
